@misc{eric2019,
	author = {Eric Muccino},
	title = {LSTM vs GRU: Experimental Comparison},
	url = {https://medium.com/mindboard/lstm-vs-gru-experimental-comparison-955820c21e8b},
	OPTorganization = {Medium},
	urldate = {2021-03-07},
	year={2019}
}


@article{shahi2020stock, 
	title={Stock Price Forecasting with Deep Learning: A Comparative Study}, 
	author={Shahi, Tej Bahadur and Shrestha, Ashish and Neupane, Arjun and Guo, William}, journal={Mathematics}, volume={8}, number={9}, pages={1441}, year={2020}, publisher={Multidisciplinary Digital Publishing Institute} }

@article{reservoir,
	author = {Apaydin, Halit and Feizi, Hajar and Sattari, Mohammad and Çolak, Müslüme Sevba and Band, Shahab and Chau, Kwok-Wing},
	year = {2020},
	month = {05},
	pages = {},
	title = {Comparative Analysis of Recurrent Neural Network Architectures for Reservoir Inflow Forecasting},
	journal = {Water},
	doi = {10.3390/w12051500}
}

@inproceedings{inproceedings,
	author = {Ferdiansyah, Ferdiansyah and Othman, Siti and Raja Mohd Radzi, Raja Zahilah and Stiawan, Deris and Sazaki, Yoppy and Ependi, Usman},
	year = {2019},
	month = {10},
	pages = {206-210},
	title = {A LSTM-Method for Bitcoin Price Prediction: A Case Study Yahoo Finance Stock Market},
	doi = {10.1109/ICECOS47637.2019.8984499}
}

@techreport{khandelwal:hal-01633254,
	TITLE = {{COMPARING GRU AND LSTM FOR AUTOMATIC SPEECH RECOGNITION}},
	AUTHOR = {Khandelwal, Shubham and Lecouteux, Benjamin and Besacier, Laurent},
	URL = {https://hal.archives-ouvertes.fr/hal-01633254},
	TYPE = {Research Report},
	INSTITUTION = {{LIG}},
	YEAR = {2016},
	MONTH = Jan,
	KEYWORDS = {Speech Recognition ; Acoustic Models ; LSTM ; GRU ; RNN},
	PDF = {https://hal.archives-ouvertes.fr/hal-01633254/file/comparing-gru-lstm.pdf},
	HAL_ID = {hal-01633254},
	HAL_VERSION = {v1},
}

@article{Bengio_2013,
	title={Advances in optimizing recurrent networks},
	ISBN={9781479903566},
	url={http://dx.doi.org/10.1109/ICASSP.2013.6639349},
	DOI={10.1109/icassp.2013.6639349},
	journal={2013 IEEE International Conference on Acoustics, Speech and Signal Processing},
	publisher={IEEE},
	author={Bengio, Yoshua and Boulanger-Lewandowski, Nicolas and Pascanu, Razvan},
	year={2013},
	month={May}
}

@article{hochreiter,
	author = {Hochreiter, Sepp and Schmidhuber, Jürgen},
	year = {1997},
	month = {12},
	pages = {1735-1780},
	title = {Long Short-term Memory},
	volume = {9},
	journal = {Neural computation},
	doi = {10.1162/neco.1997.9.8.1735}
}

@misc{chung2014empirical,
	title={Empirical Evaluation of Gated Recurrent Neural Networks on Sequence Modeling},
	author={Junyoung Chung and Caglar Gulcehre and KyungHyun Cho and Yoshua Bengio},
	year={2014},
	eprint={1412.3555},
	archivePrefix={arXiv},
	primaryClass={cs.NE}
}

@misc{cho2014properties,
	title={On the Properties of Neural Machine Translation: Encoder-Decoder Approaches}, 
	author={Kyunghyun Cho and Bart van Merrienboer and Dzmitry Bahdanau and Yoshua Bengio},
	year={2014},
	eprint={1409.1259},
	archivePrefix={arXiv},
	primaryClass={cs.CL}
}